@article{zhao2019modelling,
  title={Modelling supply chain adaptation for disruptions: An empirically grounded complex adaptive systems approach},
  author={Zhao, Kang and Zuo, Zhiya and Blackhurst, Jennifer V},
  journal={Journal of Operations Management},
  volume={65},
  number={2},
  pages={190--212},
  year={2019},
  publisher={Wiley Online Library}
}